<?xml version="1.0" encoding="UTF-8"?>
<record xmlns="http://www.loc.gov/MARC21/slim">
   <leader>00768cam a22002291a 4500</leader>
   <controlfield tag="001">3203009</controlfield>
   <controlfield tag="003">NjP</controlfield>
   <controlfield tag="005">20171214170356.0</controlfield>
   <controlfield tag="008">940921s1959    sy ac         000 0 ara d</controlfield>
   <datafield tag="024" ind1="7" ind2=" ">
      <subfield code="a">princeton_aco004866</subfield>
      <subfield code="2">local</subfield>
   </datafield>
   <datafield ind1=" " ind2=" " tag="035">
      <subfield code="a">(OCoLC)31148313</subfield>
   </datafield>
   <datafield ind1=" " ind2=" " tag="035">
      <subfield code="a">(CU)GLAD184611282</subfield>
   </datafield>
   <datafield ind1=" " ind2=" " tag="035">
      <subfield code="a">(CStRLIN)CUBGGLAD184611282-B</subfield>
   </datafield>
   <datafield ind1=" " ind2=" " tag="035">
      <subfield code="a">57829</subfield>
   </datafield>
   <datafield ind1=" " ind2=" " tag="040">
      <subfield code="a">CU</subfield>
      <subfield code="c">CU</subfield>
      <subfield code="d">eNjP</subfield>
   </datafield>
   <datafield ind1=" " ind2=" " tag="043">
      <subfield code="a">f-ua---</subfield>
      <subfield code="a">a-sy---</subfield>
   </datafield>
   <datafield ind1="0" ind2="3" tag="245">
      <subfield code="a">al-Jumhūrīyah al-ʻArabīyah al-Muttaḥidah :</subfield>
      <subfield code="b">tārīkh wa-ḥaqāʾiq wa-arqām.</subfield>
   </datafield>
   <datafield ind1=" " ind2=" " tag="260">
      <subfield code="a">[Dimascus :</subfield>
      <subfield code="b">al-Mudīrīyah al-ʻĀmmah lil-Diʻāyah wa-al-Anbāʾ,</subfield>
      <subfield code="c">1959]</subfield>
   </datafield>
   <datafield ind1=" " ind2=" " tag="300">
      <subfield code="a">287, 6 p. :</subfield>
      <subfield code="b">ill., port. ;</subfield>
      <subfield code="c">27 cm.</subfield>
   </datafield>
   <datafield ind1=" " ind2=" " tag="500">
      <subfield code="a">Cover title.</subfield>
   </datafield>
   <datafield ind1=" " ind2="0" tag="651">
      <subfield code="a">United Arab Republic.</subfield>
      <subfield code="0">http://id.loc.gov/authorities/names/n80061794</subfield>
   </datafield>
   <datafield ind1=" " ind2=" " tag="901">
      <subfield code="a">x</subfield>
   </datafield>
   <datafield ind1=" " ind2=" " tag="902">
      <subfield code="a">jab/con</subfield>
   </datafield>
   <datafield ind1="8" ind2=" " tag="852">
      <subfield code="0">6447837</subfield>
      <subfield code="b">rcppa</subfield>
      <subfield code="t">1</subfield>
      <subfield code="h">2276.0742.351</subfield>
      <subfield code="x">tr fr f</subfield>
   </datafield>
   <datafield ind1=" " ind2=" " tag="959">
      <subfield code="a">2011-03-15 13:49:58 -0400</subfield>
   </datafield>
</record>
